<?xml version="1.0" encoding="UTF-8"?><collection xmlns="http://www.loc.gov/MARC21/slim"><record><leader>00475nam--2200133-i-4500</leader><controlfield tag="001">000041245</controlfield><controlfield tag="002">20161230</controlfield><controlfield tag="005">20161230201043</controlfield><controlfield tag="008">060222s1000------------r-----000-0-eng-d</controlfield><datafield ind1=" " ind2=" " tag="080"><subfield code="a">681.326.32(043)</subfield></datafield><datafield ind1=" " ind2=" " tag="100"><subfield code="a">Seif Risk Allah, Hani Ramzy</subfield></datafield><datafield ind1=" " ind2=" " tag="245"><subfield code="a">Etude de l`ordonnancement en multiprogrammation des travaux traites par lots sur les ordinateurs de troisieme generation. these</subfield></datafield><datafield ind1=" " ind2=" " tag="260"><subfield code="a">Paris, Orsay, Univ.De Paris-sud Centre D`Orsay, 1975, 233p.+/Dif.P.</subfield></datafield><datafield ind1=" " ind2=" " tag="852"><subfield code="a">44036</subfield></datafield></record></collection>